%bibliagraphy 

@ARTICLE{SampleBib,
   author = {{HU}, Pili},
    title = "{A Template Package for Lecture Notes}",
  journal = "No Journal..",
     year = 2011,
   volume = 1,
   adsurl = {http://www.cuhk.edu.hk},
  adsnote = {this is a note}
}
